%YAML 1.1
%TAG !u! tag:unity3d.com,2011:
--- !u!1 &229173648639018653
GameObject:
  m_ObjectHideFlags: 0
  m_CorrespondingSourceObject: {fileID: 0}
  m_PrefabInstance: {fileID: 0}
  m_PrefabAsset: {fileID: 0}
  serializedVersion: 6
  m_Component:
  - component: {fileID: 6560930188892163290}
  m_Layer: 0
  m_Name: B-neck
  m_TagString: Untagged
  m_Icon: {fileID: 0}
  m_NavMeshLayer: 0
  m_StaticEditorFlags: 0
  m_IsActive: 1
--- !u!4 &6560930188892163290
Transform:
  m_ObjectHideFlags: 0
  m_CorrespondingSourceObject: {fileID: 0}
  m_PrefabInstance: {fileID: 0}
  m_PrefabAsset: {fileID: 0}
  m_GameObject: {fileID: 229173648639018653}
  m_LocalRotation: {x: 0, y: 0.09107146, z: 0, w: 0.99584436}
  m_LocalPosition: {x: -0.269527, y: 0, z: 0}
  m_LocalScale: {x: 1, y: 1, z: 1}
  m_Children:
  - {fileID: 8289154614341272054}
  m_Father: {fileID: 2672919617331711923}
  m_RootOrder: 0
  m_LocalEulerAnglesHint: {x: 0, y: 0, z: 0}
--- !u!1 &250349547252595506
GameObject:
  m_ObjectHideFlags: 0
  m_CorrespondingSourceObject: {fileID: 0}
  m_PrefabInstance: {fileID: 0}
  m_PrefabAsset: {fileID: 0}
  serializedVersion: 6
  m_Component:
  - component: {fileID: 6105697198630703091}
  m_Layer: 0
  m_Name: B-f_index_01.R
  m_TagString: Untagged
  m_Icon: {fileID: 0}
  m_NavMeshLayer: 0
  m_StaticEditorFlags: 0
  m_IsActive: 1
--- !u!4 &6105697198630703091
Transform:
  m_ObjectHideFlags: 0
  m_CorrespondingSourceObject: {fileID: 0}
  m_PrefabInstance: {fileID: 0}
  m_PrefabAsset: {fileID: 0}
  m_GameObject: {fileID: 250349547252595506}
  m_LocalRotation: {x: -0.042966038, y: 0.13054514, z: -0.029150097, w: 0.9900819}
  m_LocalPosition: {x: -0.081824, y: 0, z: 0}
  m_LocalScale: {x: 1, y: 1, z: 1}
  m_Children:
  - {fileID: 4064866034949449201}
  m_Father: {fileID: 1837264255080991567}
  m_RootOrder: 0
  m_LocalEulerAnglesHint: {x: 0, y: 0, z: 0}
--- !u!1 &292447269306024614
GameObject:
  m_ObjectHideFlags: 0
  m_CorrespondingSourceObject: {fileID: 0}
  m_PrefabInstance: {fileID: 0}
  m_PrefabAsset: {fileID: 0}
  serializedVersion: 6
  m_Component:
  - component: {fileID: 2949126437776608124}
  m_Layer: 0
  m_Name: B-f_ring_01.L
  m_TagString: Untagged
  m_Icon: {fileID: 0}
  m_NavMeshLayer: 0
  m_StaticEditorFlags: 0
  m_IsActive: 1
--- !u!4 &2949126437776608124
Transform:
  m_ObjectHideFlags: 0
  m_CorrespondingSourceObject: {fileID: 0}
  m_PrefabInstance: {fileID: 0}
  m_PrefabAsset: {fileID: 0}
  m_GameObject: {fileID: 292447269306024614}
  m_LocalRotation: {x: 0.040932417, y: 0.18310452, z: 0.004160598, w: 0.98223215}
  m_LocalPosition: {x: -0.073382, y: 0, z: 0}
  m_LocalScale: {x: 1, y: 1, z: 1}
  m_Children:
  - {fileID: 1004523321960702351}
  m_Father: {fileID: 4548236572612113258}
  m_RootOrder: 0
  m_LocalEulerAnglesHint: {x: 0, y: 0, z: 0}
--- !u!1 &315150476694442477
GameObject:
  m_ObjectHideFlags: 0
  m_CorrespondingSourceObject: {fileID: 0}
  m_PrefabInstance: {fileID: 0}
  m_PrefabAsset: {fileID: 0}
  serializedVersion: 6
  m_Component:
  - component: {fileID: 1310922037655756745}
  m_Layer: 0
  m_Name: B-f_pinky_03.R
  m_TagString: Untagged
  m_Icon: {fileID: 0}
  m_NavMeshLayer: 0
  m_StaticEditorFlags: 0
  m_IsActive: 1
--- !u!4 &1310922037655756745
Transform:
  m_ObjectHideFlags: 0
  m_CorrespondingSourceObject: {fileID: 0}
  m_PrefabInstance: {fileID: 0}
  m_PrefabAsset: {fileID: 0}
  m_GameObject: {fileID: 315150476694442477}
  m_LocalRotation: {x: -0.0091647385, y: -0.008686876, z: 0.0025800713, w: 0.999917}
  m_LocalPosition: {x: -0.028998999, y: 0, z: 0}
  m_LocalScale: {x: 1, y: 1, z: 1}
  m_Children: []
  m_Father: {fileID: 7748728871941419849}
  m_RootOrder: 0
  m_LocalEulerAnglesHint: {x: 0, y: 0, z: 0}
--- !u!1 &347408359393188763
GameObject:
  m_ObjectHideFlags: 0
  m_CorrespondingSourceObject: {fileID: 0}
  m_PrefabInstance: {fileID: 0}
  m_PrefabAsset: {fileID: 0}
  serializedVersion: 6
  m_Component:
  - component: {fileID: 1837264255080991567}
  m_Layer: 0
  m_Name: B-palm_01.R
  m_TagString: Untagged
  m_Icon: {fileID: 0}
  m_NavMeshLayer: 0
  m_StaticEditorFlags: 0
  m_IsActive: 1
--- !u!4 &1837264255080991567
Transform:
  m_ObjectHideFlags: 0
  m_CorrespondingSourceObject: {fileID: 0}
  m_PrefabInstance: {fileID: 0}
  m_PrefabAsset: {fileID: 0}
  m_GameObject: {fileID: 347408359393188763}
  m_LocalRotation: {x: 0.046093307, y: -0.0012885556, z: 0.04484089, w: 0.9979294}
  m_LocalPosition: {x: -0.102531, y: -0.040784, z: -0.0027869998}
  m_LocalScale: {x: 1, y: 1, z: 1}
  m_Children:
  - {fileID: 6105697198630703091}
  - {fileID: 6436104712225588540}
  m_Father: {fileID: 3706164469299188503}
  m_RootOrder: 0
  m_LocalEulerAnglesHint: {x: 0, y: 0, z: 0}
--- !u!1 &457932954387780565
GameObject:
  m_ObjectHideFlags: 0
  m_CorrespondingSourceObject: {fileID: 0}
  m_PrefabInstance: {fileID: 0}
  m_PrefabAsset: {fileID: 0}
  serializedVersion: 6
  m_Component:
  - component: {fileID: 695495298505496638}
  m_Layer: 0
  m_Name: B-jaw
  m_TagString: Untagged
  m_Icon: {fileID: 0}
  m_NavMeshLayer: 0
  m_StaticEditorFlags: 0
  m_IsActive: 1
--- !u!4 &695495298505496638
Transform:
  m_ObjectHideFlags: 0
  m_CorrespondingSourceObject: {fileID: 0}
  m_PrefabInstance: {fileID: 0}
  m_PrefabAsset: {fileID: 0}
  m_GameObject: {fileID: 457932954387780565}
  m_LocalRotation: {x: -0.5599892, y: -3.428945e-17, z: 0.8284999, w: -5.0730987e-17}
  m_LocalPosition: {x: -0.003391, y: 0, z: 0.058934998}
  m_LocalScale: {x: 1, y: 1, z: 1}
  m_Children: []
  m_Father: {fileID: 8289154614341272054}
  m_RootOrder: 0
  m_LocalEulerAnglesHint: {x: 0, y: 0, z: 0}
--- !u!1 &507103881162793143
GameObject:
  m_ObjectHideFlags: 0
  m_CorrespondingSourceObject: {fileID: 0}
  m_PrefabInstance: {fileID: 0}
  m_PrefabAsset: {fileID: 0}
  serializedVersion: 6
  m_Component:
  - component: {fileID: 8209787017658911606}
  m_Layer: 0
  m_Name: B-thumb_01.L
  m_TagString: Untagged
  m_Icon: {fileID: 0}
  m_NavMeshLayer: 0
  m_StaticEditorFlags: 0
  m_IsActive: 1
--- !u!4 &8209787017658911606
Transform:
  m_ObjectHideFlags: 0
  m_CorrespondingSourceObject: {fileID: 0}
  m_PrefabInstance: {fileID: 0}
  m_PrefabAsset: {fileID: 0}
  m_GameObject: {fileID: 507103881162793143}
  m_LocalRotation: {x: 0.5383288, y: -0.018519573, z: -0.539309, w: 0.64730585}
  m_LocalPosition: {x: -0.006269, y: 0.031210998, z: 0.024066998}
  m_LocalScale: {x: 1, y: 1, z: 1}
  m_Children:
  - {fileID: 4019379988493824377}
  m_Father: {fileID: 1790242400102595766}
  m_RootOrder: 1
  m_LocalEulerAnglesHint: {x: 0, y: 0, z: 0}
--- !u!1 &530513176098380034
GameObject:
  m_ObjectHideFlags: 0
  m_CorrespondingSourceObject: {fileID: 0}
  m_PrefabInstance: {fileID: 0}
  m_PrefabAsset: {fileID: 0}
  serializedVersion: 6
  m_Component:
  - component: {fileID: 1700602580971720657}
  m_Layer: 0
  m_Name: B-toe.R
  m_TagString: Untagged
  m_Icon: {fileID: 0}
  m_NavMeshLayer: 0
  m_StaticEditorFlags: 0
  m_IsActive: 1
--- !u!4 &1700602580971720657
Transform:
  m_ObjectHideFlags: 0
  m_CorrespondingSourceObject: {fileID: 0}
  m_PrefabInstance: {fileID: 0}
  m_PrefabAsset: {fileID: 0}
  m_GameObject: {fileID: 530513176098380034}
  m_LocalRotation: {x: 0.940551, y: 0.0006113166, z: 0.33949566, w: 0.01030304}
  m_LocalPosition: {x: -0.17386998, y: 0, z: 0}
  m_LocalScale: {x: 1, y: 1, z: 1}
  m_Children: []
  m_Father: {fileID: 1642618721129886228}
  m_RootOrder: 0
  m_LocalEulerAnglesHint: {x: 0, y: 0, z: 0}
--- !u!1 &537457710423347650
GameObject:
  m_ObjectHideFlags: 0
  m_CorrespondingSourceObject: {fileID: 0}
  m_PrefabInstance: {fileID: 0}
  m_PrefabAsset: {fileID: 0}
  serializedVersion: 6
  m_Component:
  - component: {fileID: 1642618721129886228}
  m_Layer: 0
  m_Name: B-foot.R
  m_TagString: Untagged
  m_Icon: {fileID: 0}
  m_NavMeshLayer: 0
  m_StaticEditorFlags: 0
  m_IsActive: 1
--- !u!4 &1642618721129886228
Transform:
  m_ObjectHideFlags: 0
  m_CorrespondingSourceObject: {fileID: 0}
  m_PrefabInstance: {fileID: 0}
  m_PrefabAsset: {fileID: 0}
  m_GameObject: {fileID: 537457710423347650}
  m_LocalRotation: {x: 0.029670518, y: -0.50401926, z: 0.01566997, w: 0.86304045}
  m_LocalPosition: {x: -0.38628897, y: 0.0010149999, z: 0.000031}
  m_LocalScale: {x: 1, y: 1, z: 1}
  m_Children:
  - {fileID: 1700602580971720657}
  m_Father: {fileID: 2162397265133738381}
  m_RootOrder: 0
  m_LocalEulerAnglesHint: {x: 0, y: 0, z: 0}
--- !u!1 &614460657100899476
GameObject:
  m_ObjectHideFlags: 0
  m_CorrespondingSourceObject: {fileID: 0}
  m_PrefabInstance: {fileID: 0}
  m_PrefabAsset: {fileID: 0}
  serializedVersion: 6
  m_Component:
  - component: {fileID: 5736993419179846754}
  m_Layer: 0
  m_Name: B-forearm.R
  m_TagString: Untagged
  m_Icon: {fileID: 0}
  m_NavMeshLayer: 0
  m_StaticEditorFlags: 0
  m_IsActive: 1
--- !u!4 &5736993419179846754
Transform:
  m_ObjectHideFlags: 0
  m_CorrespondingSourceObject: {fileID: 0}
  m_PrefabInstance: {fileID: 0}
  m_PrefabAsset: {fileID: 0}
  m_GameObject: {fileID: 614460657100899476}
  m_LocalRotation: {x: 0.0051670554, y: 0.031706702, z: -0.0008784296, w: 0.9994835}
  m_LocalPosition: {x: -0.299722, y: 0, z: 0}
  m_LocalScale: {x: 1, y: 1, z: 1}
  m_Children:
  - {fileID: 3706164469299188503}
  m_Father: {fileID: 1406464763179537445}
  m_RootOrder: 0
  m_LocalEulerAnglesHint: {x: 0, y: 0, z: 0}
--- !u!1 &665155802525388429
GameObject:
  m_ObjectHideFlags: 0
  m_CorrespondingSourceObject: {fileID: 0}
  m_PrefabInstance: {fileID: 0}
  m_PrefabAsset: {fileID: 0}
  serializedVersion: 6
  m_Component:
  - component: {fileID: 175863591619040311}
  - component: {fileID: 6093625201035923021}
  - component: {fileID: 3445877716865016258}
  - component: {fileID: 3445877716865016263}
  - component: {fileID: 3445877716865016261}
  m_Layer: 0
  m_Name: Skeleton (1)
  m_TagString: Untagged
  m_Icon: {fileID: 0}
  m_NavMeshLayer: 0
  m_StaticEditorFlags: 0
  m_IsActive: 1
--- !u!4 &175863591619040311
Transform:
  m_ObjectHideFlags: 0
  m_CorrespondingSourceObject: {fileID: 0}
  m_PrefabInstance: {fileID: 0}
  m_PrefabAsset: {fileID: 0}
  m_GameObject: {fileID: 665155802525388429}
  m_LocalRotation: {x: -0, y: 0.99997646, z: -0, w: 0.0068677356}
  m_LocalPosition: {x: -324.52, y: 49.73, z: -352.8}
  m_LocalScale: {x: 1, y: 1, z: 1}
  m_Children:
  - {fileID: 4656636974352558010}
  - {fileID: 4458874702460607004}
  m_Father: {fileID: 0}
  m_RootOrder: 0
  m_LocalEulerAnglesHint: {x: 0, y: 179.21301, z: 0}
--- !u!95 &6093625201035923021
Animator:
  serializedVersion: 3
  m_ObjectHideFlags: 0
  m_CorrespondingSourceObject: {fileID: 0}
  m_PrefabInstance: {fileID: 0}
  m_PrefabAsset: {fileID: 0}
  m_GameObject: {fileID: 665155802525388429}
  m_Enabled: 1
  m_Avatar: {fileID: 9000000, guid: 8ed68a3a383765a4bb2001de21d699c1, type: 3}
  m_Controller: {fileID: 9100000, guid: f893d78148eef4541b5a78c4b4571608, type: 2}
  m_CullingMode: 1
  m_UpdateMode: 0
  m_ApplyRootMotion: 1
  m_LinearVelocityBlending: 0
  m_WarningMessage: 
  m_HasTransformHierarchy: 1
  m_AllowConstantClipSamplingOptimization: 1
  m_KeepAnimatorControllerStateOnDisable: 0
--- !u!54 &3445877716865016258
Rigidbody:
  m_ObjectHideFlags: 0
  m_CorrespondingSourceObject: {fileID: 0}
  m_PrefabInstance: {fileID: 0}
  m_PrefabAsset: {fileID: 0}
  m_GameObject: {fileID: 665155802525388429}
  serializedVersion: 2
  m_Mass: 1
  m_Drag: 0
  m_AngularDrag: 0.05
  m_UseGravity: 0
  m_IsKinematic: 0
  m_Interpolate: 0
  m_Constraints: 112
  m_CollisionDetection: 0
--- !u!136 &3445877716865016263
CapsuleCollider:
  m_ObjectHideFlags: 0
  m_CorrespondingSourceObject: {fileID: 0}
  m_PrefabInstance: {fileID: 0}
  m_PrefabAsset: {fileID: 0}
  m_GameObject: {fileID: 665155802525388429}
  m_Material: {fileID: 0}
  m_IsTrigger: 1
  m_Enabled: 1
  m_Radius: 1.43
  m_Height: 2.04
  m_Direction: 1
  m_Center: {x: 0, y: 0.63, z: 0}
--- !u!114 &3445877716865016261
MonoBehaviour:
  m_ObjectHideFlags: 0
  m_CorrespondingSourceObject: {fileID: 0}
  m_PrefabInstance: {fileID: 0}
  m_PrefabAsset: {fileID: 0}
  m_GameObject: {fileID: 665155802525388429}
  m_Enabled: 1
  m_EditorHideFlags: 0
  m_Script: {fileID: 11500000, guid: d1d41c8c21ac2d94f965739f55f3e351, type: 3}
  m_Name: 
  m_EditorClassIdentifier: 
  wpDamage: 50
  animController: {fileID: 6093625201035923021}
--- !u!1 &675157609083475963
GameObject:
  m_ObjectHideFlags: 0
  m_CorrespondingSourceObject: {fileID: 0}
  m_PrefabInstance: {fileID: 0}
  m_PrefabAsset: {fileID: 0}
  serializedVersion: 6
  m_Component:
  - component: {fileID: 8335004773872249732}
  m_Layer: 0
  m_Name: root
  m_TagString: Untagged
  m_Icon: {fileID: 0}
  m_NavMeshLayer: 0
  m_StaticEditorFlags: 0
  m_IsActive: 1
--- !u!4 &8335004773872249732
Transform:
  m_ObjectHideFlags: 0
  m_CorrespondingSourceObject: {fileID: 0}
  m_PrefabInstance: {fileID: 0}
  m_PrefabAsset: {fileID: 0}
  m_GameObject: {fileID: 675157609083475963}
  m_LocalRotation: {x: 0, y: 0, z: -0.7071068, w: 0.7071068}
  m_LocalPosition: {x: -0, y: 0, z: 0}
  m_LocalScale: {x: 1, y: 1, z: 1}
  m_Children:
  - {fileID: 6174691494957873108}
  m_Father: {fileID: 4458874702460607004}
  m_RootOrder: 0
  m_LocalEulerAnglesHint: {x: 0, y: 0, z: 0}
--- !u!1 &783039578374425184
GameObject:
  m_ObjectHideFlags: 0
  m_CorrespondingSourceObject: {fileID: 0}
  m_PrefabInstance: {fileID: 0}
  m_PrefabAsset: {fileID: 0}
  serializedVersion: 6
  m_Component:
  - component: {fileID: 3227584879199875123}
  m_Layer: 0
  m_Name: B-shoulder.L
  m_TagString: Untagged
  m_Icon: {fileID: 0}
  m_NavMeshLayer: 0
  m_StaticEditorFlags: 0
  m_IsActive: 1
--- !u!4 &3227584879199875123
Transform:
  m_ObjectHideFlags: 0
  m_CorrespondingSourceObject: {fileID: 0}
  m_PrefabInstance: {fileID: 0}
  m_PrefabAsset: {fileID: 0}
  m_GameObject: {fileID: 783039578374425184}
  m_LocalRotation: {x: 0.4998996, y: 0.50023127, z: -0.5001003, w: -0.49976873}
  m_LocalPosition: {x: -0.2633, y: -0.0183, z: 0}
  m_LocalScale: {x: 1, y: 1, z: 1}
  m_Children:
  - {fileID: 2105162988052894785}
  m_Father: {fileID: 2672919617331711923}
  m_RootOrder: 1
  m_LocalEulerAnglesHint: {x: 0, y: 0, z: 0}
--- !u!1 &1008006335434409250
GameObject:
  m_ObjectHideFlags: 0
  m_CorrespondingSourceObject: {fileID: 0}
  m_PrefabInstance: {fileID: 0}
  m_PrefabAsset: {fileID: 0}
  serializedVersion: 6
  m_Component:
  - component: {fileID: 5345656336082658305}
  m_Layer: 0
  m_Name: B-f_middle_03.L
  m_TagString: Untagged
  m_Icon: {fileID: 0}
  m_NavMeshLayer: 0
  m_StaticEditorFlags: 0
  m_IsActive: 1
--- !u!4 &5345656336082658305
Transform:
  m_ObjectHideFlags: 0
  m_CorrespondingSourceObject: {fileID: 0}
  m_PrefabInstance: {fileID: 0}
  m_PrefabAsset: {fileID: 0}
  m_GameObject: {fileID: 1008006335434409250}
  m_LocalRotation: {x: 0.008808772, y: -0.0056415815, z: -0.0003525967, w: 0.9999452}
  m_LocalPosition: {x: -0.042021, y: 0, z: 0}
  m_LocalScale: {x: 1, y: 1, z: 1}
  m_Children: []
  m_Father: {fileID: 393557677891706296}
  m_RootOrder: 0
  m_LocalEulerAnglesHint: {x: 0, y: 0, z: 0}
--- !u!1 &1058957762341974155
GameObject:
  m_ObjectHideFlags: 0
  m_CorrespondingSourceObject: {fileID: 0}
  m_PrefabInstance: {fileID: 0}
  m_PrefabAsset: {fileID: 0}
  serializedVersion: 6
  m_Component:
  - component: {fileID: 8021162620383617899}
  m_Layer: 0
  m_Name: B-f_pinky_02.L
  m_TagString: Untagged
  m_Icon: {fileID: 0}
  m_NavMeshLayer: 0
  m_StaticEditorFlags: 0
  m_IsActive: 1
--- !u!4 &8021162620383617899
Transform:
  m_ObjectHideFlags: 0
  m_CorrespondingSourceObject: {fileID: 0}
  m_PrefabInstance: {fileID: 0}
  m_PrefabAsset: {fileID: 0}
  m_GameObject: {fileID: 1058957762341974155}
  m_LocalRotation: {x: -0.009864241, y: -0.040002085, z: -0.02597179, w: 0.99881333}
  m_LocalPosition: {x: -0.041692, y: 0, z: 0}
  m_LocalScale: {x: 1, y: 1, z: 1}
  m_Children:
  - {fileID: 5821210083652767444}
  m_Father: {fileID: 3956348233433163325}
  m_RootOrder: 0
  m_LocalEulerAnglesHint: {x: 0, y: 0, z: 0}
--- !u!1 &1064187453390516259
GameObject:
  m_ObjectHideFlags: 0
  m_CorrespondingSourceObject: {fileID: 0}
  m_PrefabInstance: {fileID: 0}
  m_PrefabAsset: {fileID: 0}
  serializedVersion: 6
  m_Component:
  - component: {fileID: 7575034575254448979}
  m_Layer: 0
  m_Name: B-f_index_02.L
  m_TagString: Untagged
  m_Icon: {fileID: 0}
  m_NavMeshLayer: 0
  m_StaticEditorFlags: 0
  m_IsActive: 1
--- !u!4 &7575034575254448979
Transform:
  m_ObjectHideFlags: 0
  m_CorrespondingSourceObject: {fileID: 0}
  m_PrefabInstance: {fileID: 0}
  m_PrefabAsset: {fileID: 0}
  m_GameObject: {fileID: 1064187453390516259}
  m_LocalRotation: {x: 0.002152774, y: -0.05623975, z: -0.0015315317, w: 0.9984138}
  m_LocalPosition: {x: -0.038326, y: 0, z: 0}
  m_LocalScale: {x: 1, y: 1, z: 1}
  m_Children:
  - {fileID: 7185200778303954815}
  m_Father: {fileID: 3873579294884634754}
  m_RootOrder: 0
  m_LocalEulerAnglesHint: {x: 0, y: 0, z: 0}
--- !u!1 &1134000800242245578
GameObject:
  m_ObjectHideFlags: 0
  m_CorrespondingSourceObject: {fileID: 0}
  m_PrefabInstance: {fileID: 0}
  m_PrefabAsset: {fileID: 0}
  serializedVersion: 6
  m_Component:
  - component: {fileID: 7311755911366846911}
  m_Layer: 0
  m_Name: B-palm_04.R
  m_TagString: Untagged
  m_Icon: {fileID: 0}
  m_NavMeshLayer: 0
  m_StaticEditorFlags: 0
  m_IsActive: 1
--- !u!4 &7311755911366846911
Transform:
  m_ObjectHideFlags: 0
  m_CorrespondingSourceObject: {fileID: 0}
  m_PrefabInstance: {fileID: 0}
  m_PrefabAsset: {fileID: 0}
  m_GameObject: {fileID: 1134000800242245578}
  m_LocalRotation: {x: 0.049944714, y: 0.06262834, z: -0.07398395, w: 0.99403703}
  m_LocalPosition: {x: -0.095152, y: 0.043863, z: -0.000203}
  m_LocalScale: {x: 1, y: 1, z: 1}
  m_Children:
  - {fileID: 4353348028212102588}
  m_Father: {fileID: 3706164469299188503}
  m_RootOrder: 3
  m_LocalEulerAnglesHint: {x: 0, y: 0, z: 0}
--- !u!1 &1566573328915886555
GameObject:
  m_ObjectHideFlags: 0
  m_CorrespondingSourceObject: {fileID: 0}
  m_PrefabInstance: {fileID: 0}
  m_PrefabAsset: {fileID: 0}
  serializedVersion: 6
  m_Component:
  - component: {fileID: 6019781958908892365}
  m_Layer: 0
  m_Name: B-f_middle_01.R
  m_TagString: Untagged
  m_Icon: {fileID: 0}
  m_NavMeshLayer: 0
  m_StaticEditorFlags: 0
  m_IsActive: 1
--- !u!4 &6019781958908892365
Transform:
  m_ObjectHideFlags: 0
  m_CorrespondingSourceObject: {fileID: 0}
  m_PrefabInstance: {fileID: 0}
  m_PrefabAsset: {fileID: 0}
  m_GameObject: {fileID: 1566573328915886555}
  m_LocalRotation: {x: -0.011954633, y: 0.22236152, z: -0.043113668, w: 0.9739372}
  m_LocalPosition: {x: -0.083335996, y: 0, z: 0}
  m_LocalScale: {x: 1, y: 1, z: 1}
  m_Children:
  - {fileID: 8426622498326711943}
  m_Father: {fileID: 5115850160056276806}
  m_RootOrder: 0
  m_LocalEulerAnglesHint: {x: 0, y: 0, z: 0}
--- !u!1 &1595755745700439890
GameObject:
  m_ObjectHideFlags: 0
  m_CorrespondingSourceObject: {fileID: 0}
  m_PrefabInstance: {fileID: 0}
  m_PrefabAsset: {fileID: 0}
  serializedVersion: 6
  m_Component:
  - component: {fileID: 781858989248333439}
  m_Layer: 0
  m_Name: B-f_ring_02.R
  m_TagString: Untagged
  m_Icon: {fileID: 0}
  m_NavMeshLayer: 0
  m_StaticEditorFlags: 0
  m_IsActive: 1
--- !u!4 &781858989248333439
Transform:
  m_ObjectHideFlags: 0
  m_CorrespondingSourceObject: {fileID: 0}
  m_PrefabInstance: {fileID: 0}
  m_PrefabAsset: {fileID: 0}
  m_GameObject: {fileID: 1595755745700439890}
  m_LocalRotation: {x: 0.016417721, y: -0.084423155, z: -0.0011921921, w: 0.996294}
  m_LocalPosition: {x: -0.038969, y: 0, z: 0}
  m_LocalScale: {x: 1, y: 1, z: 1}
  m_Children:
  - {fileID: 3957858903272458139}
  m_Father: {fileID: 7831967216259215357}
  m_RootOrder: 0
  m_LocalEulerAnglesHint: {x: 0, y: 0, z: 0}
--- !u!1 &1932164669454663146
GameObject:
  m_ObjectHideFlags: 0
  m_CorrespondingSourceObject: {fileID: 0}
  m_PrefabInstance: {fileID: 0}
  m_PrefabAsset: {fileID: 0}
  serializedVersion: 6
  m_Component:
  - component: {fileID: 4656636974352558010}
  m_Layer: 0
  m_Name: Geometry
  m_TagString: Untagged
  m_Icon: {fileID: 0}
  m_NavMeshLayer: 0
  m_StaticEditorFlags: 0
  m_IsActive: 1
--- !u!4 &4656636974352558010
Transform:
  m_ObjectHideFlags: 0
  m_CorrespondingSourceObject: {fileID: 0}
  m_PrefabInstance: {fileID: 0}
  m_PrefabAsset: {fileID: 0}
  m_GameObject: {fileID: 1932164669454663146}
  m_LocalRotation: {x: -0.7071068, y: 0, z: -0, w: 0.7071068}
  m_LocalPosition: {x: -0, y: 0, z: 0}
  m_LocalScale: {x: 1, y: 1, z: 1}
  m_Children:
  - {fileID: 1160241700391594713}
  m_Father: {fileID: 175863591619040311}
  m_RootOrder: 0
  m_LocalEulerAnglesHint: {x: 0, y: 0, z: 0}
--- !u!1 &1946670845266264236
GameObject:
  m_ObjectHideFlags: 0
  m_CorrespondingSourceObject: {fileID: 0}
  m_PrefabInstance: {fileID: 0}
  m_PrefabAsset: {fileID: 0}
  serializedVersion: 6
  m_Component:
  - component: {fileID: 746880916572560592}
  m_Layer: 0
  m_Name: B-f_ring_03.L
  m_TagString: Untagged
  m_Icon: {fileID: 0}
  m_NavMeshLayer: 0
  m_StaticEditorFlags: 0
  m_IsActive: 1
--- !u!4 &746880916572560592
Transform:
  m_ObjectHideFlags: 0
  m_CorrespondingSourceObject: {fileID: 0}
  m_PrefabInstance: {fileID: 0}
  m_PrefabAsset: {fileID: 0}
  m_GameObject: {fileID: 1946670845266264236}
  m_LocalRotation: {x: 0.011127848, y: -0.0008177748, z: -0.00016020662, w: 0.9999378}
  m_LocalPosition: {x: -0.038450997, y: 0, z: 0}
  m_LocalScale: {x: 1, y: 1, z: 1}
  m_Children: []
  m_Father: {fileID: 1004523321960702351}
  m_RootOrder: 0
  m_LocalEulerAnglesHint: {x: 0, y: 0, z: 0}
--- !u!1 &2303271480359449066
GameObject:
  m_ObjectHideFlags: 0
  m_CorrespondingSourceObject: {fileID: 0}
  m_PrefabInstance: {fileID: 0}
  m_PrefabAsset: {fileID: 0}
  serializedVersion: 6
  m_Component:
  - component: {fileID: 6174691494957873108}
  m_Layer: 0
  m_Name: B-hips
  m_TagString: Untagged
  m_Icon: {fileID: 0}
  m_NavMeshLayer: 0
  m_StaticEditorFlags: 0
  m_IsActive: 1
--- !u!4 &6174691494957873108
Transform:
  m_ObjectHideFlags: 0
  m_CorrespondingSourceObject: {fileID: 0}
  m_PrefabInstance: {fileID: 0}
  m_PrefabAsset: {fileID: 0}
  m_GameObject: {fileID: 2303271480359449066}
  m_LocalRotation: {x: 0, y: 0.7071068, z: 0, w: 0.7071068}
  m_LocalPosition: {x: -0.023889, y: 0, z: 0.99149}
  m_LocalScale: {x: 1, y: 1, z: 1}
  m_Children:
  - {fileID: 8229011737458126545}
  - {fileID: 1005658434304437761}
  - {fileID: 7273823939097009494}
  m_Father: {fileID: 8335004773872249732}
  m_RootOrder: 0
  m_LocalEulerAnglesHint: {x: 0, y: 0, z: 0}
--- !u!1 &2374163179578045306
GameObject:
  m_ObjectHideFlags: 0
  m_CorrespondingSourceObject: {fileID: 0}
  m_PrefabInstance: {fileID: 0}
  m_PrefabAsset: {fileID: 0}
  serializedVersion: 6
  m_Component:
  - component: {fileID: 4458874702460607004}
  m_Layer: 0
  m_Name: Rig
  m_TagString: Untagged
  m_Icon: {fileID: 0}
  m_NavMeshLayer: 0
  m_StaticEditorFlags: 0
  m_IsActive: 1
--- !u!4 &4458874702460607004
Transform:
  m_ObjectHideFlags: 0
  m_CorrespondingSourceObject: {fileID: 0}
  m_PrefabInstance: {fileID: 0}
  m_PrefabAsset: {fileID: 0}
  m_GameObject: {fileID: 2374163179578045306}
  m_LocalRotation: {x: -0.7071068, y: 0, z: -0, w: 0.7071068}
  m_LocalPosition: {x: -0, y: 0, z: 0}
  m_LocalScale: {x: 1, y: 1, z: 1}
  m_Children:
  - {fileID: 8335004773872249732}
  m_Father: {fileID: 175863591619040311}
  m_RootOrder: 1
  m_LocalEulerAnglesHint: {x: 0, y: 0, z: 0}
--- !u!1 &2405251748859890167
GameObject:
  m_ObjectHideFlags: 0
  m_CorrespondingSourceObject: {fileID: 0}
  m_PrefabInstance: {fileID: 0}
  m_PrefabAsset: {fileID: 0}
  serializedVersion: 6
  m_Component:
  - component: {fileID: 6436104712225588540}
  m_Layer: 0
  m_Name: B-thumb_01.R
  m_TagString: Untagged
  m_Icon: {fileID: 0}
  m_NavMeshLayer: 0
  m_StaticEditorFlags: 0
  m_IsActive: 1
--- !u!4 &6436104712225588540
Transform:
  m_ObjectHideFlags: 0
  m_CorrespondingSourceObject: {fileID: 0}
  m_PrefabInstance: {fileID: 0}
  m_PrefabAsset: {fileID: 0}
  m_GameObject: {fileID: 2405251748859890167}
  m_LocalRotation: {x: -0.5383288, y: -0.018519573, z: 0.539309, w: 0.64730585}
  m_LocalPosition: {x: -0.006269, y: -0.031210998, z: 0.024066}
  m_LocalScale: {x: 1, y: 1, z: 1}
  m_Children:
  - {fileID: 6520661183030859945}
  m_Father: {fileID: 1837264255080991567}
  m_RootOrder: 1
  m_LocalEulerAnglesHint: {x: 0, y: 0, z: 0}
--- !u!1 &2509279977039536233
GameObject:
  m_ObjectHideFlags: 0
  m_CorrespondingSourceObject: {fileID: 0}
  m_PrefabInstance: {fileID: 0}
  m_PrefabAsset: {fileID: 0}
  serializedVersion: 6
  m_Component:
  - component: {fileID: 5814590160582881390}
  m_Layer: 0
  m_Name: B-thumb_03.L
  m_TagString: Untagged
  m_Icon: {fileID: 0}
  m_NavMeshLayer: 0
  m_StaticEditorFlags: 0
  m_IsActive: 1
--- !u!4 &5814590160582881390
Transform:
  m_ObjectHideFlags: 0
  m_CorrespondingSourceObject: {fileID: 0}
  m_PrefabInstance: {fileID: 0}
  m_PrefabAsset: {fileID: 0}
  m_GameObject: {fileID: 2509279977039536233}
  m_LocalRotation: {x: -0.06894547, y: -0.024259614, z: 0.10824321, w: 0.99143404}
  m_LocalPosition: {x: -0.048265, y: 0, z: 0}
  m_LocalScale: {x: 1, y: 1, z: 1}
  m_Children: []
  m_Father: {fileID: 4019379988493824377}
  m_RootOrder: 0
  m_LocalEulerAnglesHint: {x: 0, y: 0, z: 0}
--- !u!1 &2574634689143194086
GameObject:
  m_ObjectHideFlags: 0
  m_CorrespondingSourceObject: {fileID: 0}
  m_PrefabInstance: {fileID: 0}
  m_PrefabAsset: {fileID: 0}
  serializedVersion: 6
  m_Component:
  - component: {fileID: 2162397265133738381}
  m_Layer: 0
  m_Name: B-shin.R
  m_TagString: Untagged
  m_Icon: {fileID: 0}
  m_NavMeshLayer: 0
  m_StaticEditorFlags: 0
  m_IsActive: 1
--- !u!4 &2162397265133738381
Transform:
  m_ObjectHideFlags: 0
  m_CorrespondingSourceObject: {fileID: 0}
  m_PrefabInstance: {fileID: 0}
  m_PrefabAsset: {fileID: 0}
  m_GameObject: {fileID: 2574634689143194086}
  m_LocalRotation: {x: 0.005719055, y: 0.14218813, z: 0.012175391, w: 0.98974824}
  m_LocalPosition: {x: -0.482646, y: 0, z: 0}
  m_LocalScale: {x: 1, y: 1, z: 1}
  m_Children:
  - {fileID: 1642618721129886228}
  m_Father: {fileID: 7273823939097009494}
  m_RootOrder: 0
  m_LocalEulerAnglesHint: {x: 0, y: 0, z: 0}
--- !u!1 &2625754987592484095
GameObject:
  m_ObjectHideFlags: 0
  m_CorrespondingSourceObject: {fileID: 0}
  m_PrefabInstance: {fileID: 0}
  m_PrefabAsset: {fileID: 0}
  serializedVersion: 6
  m_Component:
  - component: {fileID: 8606282225290409952}
  m_Layer: 0
  m_Name: B-forearm.L
  m_TagString: Untagged
  m_Icon: {fileID: 0}
  m_NavMeshLayer: 0
  m_StaticEditorFlags: 0
  m_IsActive: 1
--- !u!4 &8606282225290409952
Transform:
  m_ObjectHideFlags: 0
  m_CorrespondingSourceObject: {fileID: 0}
  m_PrefabInstance: {fileID: 0}
  m_PrefabAsset: {fileID: 0}
  m_GameObject: {fileID: 2625754987592484095}
  m_LocalRotation: {x: -0.0051670554, y: 0.031706702, z: 0.0008784296, w: 0.9994835}
  m_LocalPosition: {x: -0.299722, y: 0, z: 0}
  m_LocalScale: {x: 1, y: 1, z: 1}
  m_Children:
  - {fileID: 5223626280757972190}
  m_Father: {fileID: 2105162988052894785}
  m_RootOrder: 0
  m_LocalEulerAnglesHint: {x: 0, y: 0, z: 0}
--- !u!1 &3113364912109339726
GameObject:
  m_ObjectHideFlags: 0
  m_CorrespondingSourceObject: {fileID: 0}
  m_PrefabInstance: {fileID: 0}
  m_PrefabAsset: {fileID: 0}
  serializedVersion: 6
  m_Component:
  - component: {fileID: 1324512927531293065}
  m_Layer: 0
  m_Name: B-f_middle_01.L
  m_TagString: Untagged
  m_Icon: {fileID: 0}
  m_NavMeshLayer: 0
  m_StaticEditorFlags: 0
  m_IsActive: 1
--- !u!4 &1324512927531293065
Transform:
  m_ObjectHideFlags: 0
  m_CorrespondingSourceObject: {fileID: 0}
  m_PrefabInstance: {fileID: 0}
  m_PrefabAsset: {fileID: 0}
  m_GameObject: {fileID: 3113364912109339726}
  m_LocalRotation: {x: 0.011954633, y: 0.22236152, z: 0.043113668, w: 0.9739372}
  m_LocalPosition: {x: -0.083337, y: 0, z: 0}
  m_LocalScale: {x: 1, y: 1, z: 1}
  m_Children:
  - {fileID: 393557677891706296}
  m_Father: {fileID: 5547159581984345478}
  m_RootOrder: 0
  m_LocalEulerAnglesHint: {x: 0, y: 0, z: 0}
--- !u!1 &3219280933806367193
GameObject:
  m_ObjectHideFlags: 0
  m_CorrespondingSourceObject: {fileID: 0}
  m_PrefabInstance: {fileID: 0}
  m_PrefabAsset: {fileID: 0}
  serializedVersion: 6
  m_Component:
  - component: {fileID: 1406464763179537445}
  m_Layer: 0
  m_Name: B-upper_arm.R
  m_TagString: Untagged
  m_Icon: {fileID: 0}
  m_NavMeshLayer: 0
  m_StaticEditorFlags: 0
  m_IsActive: 1
--- !u!4 &1406464763179537445
Transform:
  m_ObjectHideFlags: 0
  m_CorrespondingSourceObject: {fileID: 0}
  m_PrefabInstance: {fileID: 0}
  m_PrefabAsset: {fileID: 0}
  m_GameObject: {fileID: 3219280933806367193}
  m_LocalRotation: {x: -0.70968974, y: -0.010749217, z: 0.011505548, w: 0.70433843}
  m_LocalPosition: {x: -0.193978, y: 0.0050919997, z: -0.062276}
  m_LocalScale: {x: 1, y: 1, z: 1}
  m_Children:
  - {fileID: 5736993419179846754}
  m_Father: {fileID: 1111408639224671759}
  m_RootOrder: 0
  m_LocalEulerAnglesHint: {x: 0, y: 0, z: 0}
--- !u!1 &3330394567364680703
GameObject:
  m_ObjectHideFlags: 0
  m_CorrespondingSourceObject: {fileID: 0}
  m_PrefabInstance: {fileID: 0}
  m_PrefabAsset: {fileID: 0}
  serializedVersion: 6
  m_Component:
  - component: {fileID: 8289154614341272054}
  m_Layer: 0
  m_Name: B-head
  m_TagString: Untagged
  m_Icon: {fileID: 0}
  m_NavMeshLayer: 0
  m_StaticEditorFlags: 0
  m_IsActive: 1
--- !u!4 &8289154614341272054
Transform:
  m_ObjectHideFlags: 0
  m_CorrespondingSourceObject: {fileID: 0}
  m_PrefabInstance: {fileID: 0}
  m_PrefabAsset: {fileID: 0}
  m_GameObject: {fileID: 3330394567364680703}
  m_LocalRotation: {x: -0, y: -0.09107146, z: 0, w: 0.99584436}
  m_LocalPosition: {x: -0.112117, y: 0, z: 0}
  m_LocalScale: {x: 1, y: 1, z: 1}
  m_Children:
  - {fileID: 695495298505496638}
  m_Father: {fileID: 6560930188892163290}
  m_RootOrder: 0
  m_LocalEulerAnglesHint: {x: 0, y: 0, z: 0}
--- !u!65 &3445877716348168464
BoxCollider:
  m_ObjectHideFlags: 0
  m_CorrespondingSourceObject: {fileID: 0}
  m_PrefabInstance: {fileID: 0}
  m_PrefabAsset: {fileID: 0}
  m_GameObject: {fileID: 665155803354254105}
  m_Material: {fileID: 0}
  m_IsTrigger: 0
  m_Enabled: 1
  serializedVersion: 2
  m_Size: {x: 0.15, y: 0.86, z: 0.00001}
  m_Center: {x: 0.0000152229995, y: 0.66, z: 0.0000019530858}
--- !u!1 &3800309392200036346
GameObject:
  m_ObjectHideFlags: 0
  m_CorrespondingSourceObject: {fileID: 0}
  m_PrefabInstance: {fileID: 0}
  m_PrefabAsset: {fileID: 0}
  serializedVersion: 6
  m_Component:
  - component: {fileID: 5821210083652767444}
  m_Layer: 0
  m_Name: B-f_pinky_03.L
  m_TagString: Untagged
  m_Icon: {fileID: 0}
  m_NavMeshLayer: 0
  m_StaticEditorFlags: 0
  m_IsActive: 1
--- !u!4 &5821210083652767444
Transform:
  m_ObjectHideFlags: 0
  m_CorrespondingSourceObject: {fileID: 0}
  m_PrefabInstance: {fileID: 0}
  m_PrefabAsset: {fileID: 0}
  m_GameObject: {fileID: 3800309392200036346}
  m_LocalRotation: {x: 0.0091647385, y: -0.008686876, z: -0.0025800713, w: 0.999917}
  m_LocalPosition: {x: -0.028998999, y: 0, z: 0}
  m_LocalScale: {x: 1, y: 1, z: 1}
  m_Children: []
  m_Father: {fileID: 8021162620383617899}
  m_RootOrder: 0
  m_LocalEulerAnglesHint: {x: 0, y: 0, z: 0}
--- !u!1 &3907481033285160165
GameObject:
  m_ObjectHideFlags: 0
  m_CorrespondingSourceObject: {fileID: 0}
  m_PrefabInstance: {fileID: 0}
  m_PrefabAsset: {fileID: 0}
  serializedVersion: 6
  m_Component:
  - component: {fileID: 3421440357125162773}
  m_Layer: 0
  m_Name: B-shin.L
  m_TagString: Untagged
  m_Icon: {fileID: 0}
  m_NavMeshLayer: 0
  m_StaticEditorFlags: 0
  m_IsActive: 1
--- !u!4 &3421440357125162773
Transform:
  m_ObjectHideFlags: 0
  m_CorrespondingSourceObject: {fileID: 0}
  m_PrefabInstance: {fileID: 0}
  m_PrefabAsset: {fileID: 0}
  m_GameObject: {fileID: 3907481033285160165}
  m_LocalRotation: {x: -0.005719055, y: 0.14218813, z: -0.012175391, w: 0.98974824}
  m_LocalPosition: {x: -0.482646, y: 0, z: 0}
  m_LocalScale: {x: 1, y: 1, z: 1}
  m_Children:
  - {fileID: 6943470857745373545}
  m_Father: {fileID: 1005658434304437761}
  m_RootOrder: 0
  m_LocalEulerAnglesHint: {x: 0, y: 0, z: 0}
--- !u!1 &3935975768743438626
GameObject:
  m_ObjectHideFlags: 0
  m_CorrespondingSourceObject: {fileID: 0}
  m_PrefabInstance: {fileID: 0}
  m_PrefabAsset: {fileID: 0}
  serializedVersion: 6
  m_Component:
  - component: {fileID: 2105162988052894785}
  m_Layer: 0
  m_Name: B-upper_arm.L
  m_TagString: Untagged
  m_Icon: {fileID: 0}
  m_NavMeshLayer: 0
  m_StaticEditorFlags: 0
  m_IsActive: 1
--- !u!4 &2105162988052894785
Transform:
  m_ObjectHideFlags: 0
  m_CorrespondingSourceObject: {fileID: 0}
  m_PrefabInstance: {fileID: 0}
  m_PrefabAsset: {fileID: 0}
  m_GameObject: {fileID: 3935975768743438626}
  m_LocalRotation: {x: 0.70968974, y: -0.010749217, z: -0.011505548, w: 0.70433843}
  m_LocalPosition: {x: -0.193978, y: -0.0050919997, z: -0.062276}
  m_LocalScale: {x: 1, y: 1, z: 1}
  m_Children:
  - {fileID: 8606282225290409952}
  m_Father: {fileID: 3227584879199875123}
  m_RootOrder: 0
  m_LocalEulerAnglesHint: {x: 0, y: 0, z: 0}
--- !u!1 &4066120384536634684
GameObject:
  m_ObjectHideFlags: 0
  m_CorrespondingSourceObject: {fileID: 0}
  m_PrefabInstance: {fileID: 0}
  m_PrefabAsset: {fileID: 0}
  serializedVersion: 6
  m_Component:
  - component: {fileID: 7273823939097009494}
  m_Layer: 0
  m_Name: B-thigh.R
  m_TagString: Untagged
  m_Icon: {fileID: 0}
  m_NavMeshLayer: 0
  m_StaticEditorFlags: 0
  m_IsActive: 1
--- !u!4 &7273823939097009494
Transform:
  m_ObjectHideFlags: 0
  m_CorrespondingSourceObject: {fileID: 0}
  m_PrefabInstance: {fileID: 0}
  m_PrefabAsset: {fileID: 0}
  m_GameObject: {fileID: 4066120384536634684}
  m_LocalRotation: {x: -0.025986597, y: 0.9979024, z: 0.026008854, w: 0.053282868}
  m_LocalPosition: {x: -0, y: 0.153061, z: 0}
  m_LocalScale: {x: 1, y: 1, z: 1}
  m_Children:
  - {fileID: 2162397265133738381}
  m_Father: {fileID: 6174691494957873108}
  m_RootOrder: 2
  m_LocalEulerAnglesHint: {x: 0, y: 0, z: 0}
--- !u!1 &4071363015574544806
GameObject:
  m_ObjectHideFlags: 0
  m_CorrespondingSourceObject: {fileID: 0}
  m_PrefabInstance: {fileID: 0}
  m_PrefabAsset: {fileID: 0}
  serializedVersion: 6
  m_Component:
  - component: {fileID: 4548236572612113258}
  m_Layer: 0
  m_Name: B-palm_03.L
  m_TagString: Untagged
  m_Icon: {fileID: 0}
  m_NavMeshLayer: 0
  m_StaticEditorFlags: 0
  m_IsActive: 1
--- !u!4 &4548236572612113258
Transform:
  m_ObjectHideFlags: 0
  m_CorrespondingSourceObject: {fileID: 0}
  m_PrefabInstance: {fileID: 0}
  m_PrefabAsset: {fileID: 0}
  m_GameObject: {fileID: 4071363015574544806}
  m_LocalRotation: {x: -0.07611391, y: 0.03253316, z: 0.013177571, w: 0.9964811}
  m_LocalPosition: {x: -0.100857, y: -0.020715, z: -0.002559}
  m_LocalScale: {x: 1, y: 1, z: 1}
  m_Children:
  - {fileID: 2949126437776608124}
  m_Father: {fileID: 5223626280757972190}
  m_RootOrder: 2
  m_LocalEulerAnglesHint: {x: 0, y: 0, z: 0}
--- !u!1 &4217378108943198167
GameObject:
  m_ObjectHideFlags: 0
  m_CorrespondingSourceObject: {fileID: 0}
  m_PrefabInstance: {fileID: 0}
  m_PrefabAsset: {fileID: 0}
  serializedVersion: 6
  m_Component:
  - component: {fileID: 393557677891706296}
  m_Layer: 0
  m_Name: B-f_middle_02.L
  m_TagString: Untagged
  m_Icon: {fileID: 0}
  m_NavMeshLayer: 0
  m_StaticEditorFlags: 0
  m_IsActive: 1
--- !u!4 &393557677891706296
Transform:
  m_ObjectHideFlags: 0
  m_CorrespondingSourceObject: {fileID: 0}
  m_PrefabInstance: {fileID: 0}
  m_PrefabAsset: {fileID: 0}
  m_GameObject: {fileID: 4217378108943198167}
  m_LocalRotation: {x: -0.013404224, y: -0.094342425, z: -0.0020918061, w: 0.9954474}
  m_LocalPosition: {x: -0.037125, y: 0, z: 0}
  m_LocalScale: {x: 1, y: 1, z: 1}
  m_Children:
  - {fileID: 5345656336082658305}
  m_Father: {fileID: 1324512927531293065}
  m_RootOrder: 0
  m_LocalEulerAnglesHint: {x: 0, y: 0, z: 0}
--- !u!1 &4460961658340821823
GameObject:
  m_ObjectHideFlags: 0
  m_CorrespondingSourceObject: {fileID: 0}
  m_PrefabInstance: {fileID: 0}
  m_PrefabAsset: {fileID: 0}
  serializedVersion: 6
  m_Component:
  - component: {fileID: 7831967216259215357}
  m_Layer: 0
  m_Name: B-f_ring_01.R
  m_TagString: Untagged
  m_Icon: {fileID: 0}
  m_NavMeshLayer: 0
  m_StaticEditorFlags: 0
  m_IsActive: 1
--- !u!4 &7831967216259215357
Transform:
  m_ObjectHideFlags: 0
  m_CorrespondingSourceObject: {fileID: 0}
  m_PrefabInstance: {fileID: 0}
  m_PrefabAsset: {fileID: 0}
  m_GameObject: {fileID: 4460961658340821823}
  m_LocalRotation: {x: -0.040932417, y: 0.18310452, z: -0.004160598, w: 0.98223215}
  m_LocalPosition: {x: -0.073382, y: 0, z: 0}
  m_LocalScale: {x: 1, y: 1, z: 1}
  m_Children:
  - {fileID: 781858989248333439}
  m_Father: {fileID: 234855162202510896}
  m_RootOrder: 0
  m_LocalEulerAnglesHint: {x: 0, y: 0, z: 0}
--- !u!1 &4540004625379326596
GameObject:
  m_ObjectHideFlags: 0
  m_CorrespondingSourceObject: {fileID: 0}
  m_PrefabInstance: {fileID: 0}
  m_PrefabAsset: {fileID: 0}
  serializedVersion: 6
  m_Component:
  - component: {fileID: 3706164469299188503}
  m_Layer: 0
  m_Name: B-hand.R
  m_TagString: Untagged
  m_Icon: {fileID: 0}
  m_NavMeshLayer: 0
  m_StaticEditorFlags: 0
  m_IsActive: 1
--- !u!4 &3706164469299188503
Transform:
  m_ObjectHideFlags: 0
  m_CorrespondingSourceObject: {fileID: 0}
  m_PrefabInstance: {fileID: 0}
  m_PrefabAsset: {fileID: 0}
  m_GameObject: {fileID: 4540004625379326596}
  m_LocalRotation: {x: -0.70791644, y: 0.0125909485, z: -0.030061476, w: 0.7055438}
  m_LocalPosition: {x: -0.255349, y: 0, z: 0}
  m_LocalScale: {x: 1, y: 1, z: 1}
  m_Children:
  - {fileID: 1837264255080991567}
  - {fileID: 5115850160056276806}
  - {fileID: 234855162202510896}
  - {fileID: 7311755911366846911}
  - {fileID: 175863591856509347}
  m_Father: {fileID: 5736993419179846754}
  m_RootOrder: 0
  m_LocalEulerAnglesHint: {x: 0, y: 0, z: 0}
--- !u!1 &4626688536551974888
GameObject:
  m_ObjectHideFlags: 0
  m_CorrespondingSourceObject: {fileID: 0}
  m_PrefabInstance: {fileID: 0}
  m_PrefabAsset: {fileID: 0}
  serializedVersion: 6
  m_Component:
  - component: {fileID: 4064866034949449201}
  m_Layer: 0
  m_Name: B-f_index_02.R
  m_TagString: Untagged
  m_Icon: {fileID: 0}
  m_NavMeshLayer: 0
  m_StaticEditorFlags: 0
  m_IsActive: 1
--- !u!4 &4064866034949449201
Transform:
  m_ObjectHideFlags: 0
  m_CorrespondingSourceObject: {fileID: 0}
  m_PrefabInstance: {fileID: 0}
  m_PrefabAsset: {fileID: 0}
  m_GameObject: {fileID: 4626688536551974888}
  m_LocalRotation: {x: -0.002152774, y: -0.05623975, z: 0.0015315317, w: 0.9984138}
  m_LocalPosition: {x: -0.038326, y: 0, z: 0}
  m_LocalScale: {x: 1, y: 1, z: 1}
  m_Children:
  - {fileID: 6586528852344240907}
  m_Father: {fileID: 6105697198630703091}
  m_RootOrder: 0
  m_LocalEulerAnglesHint: {x: 0, y: 0, z: 0}
--- !u!1 &4712731478497954330
GameObject:
  m_ObjectHideFlags: 0
  m_CorrespondingSourceObject: {fileID: 0}
  m_PrefabInstance: {fileID: 0}
  m_PrefabAsset: {fileID: 0}
  serializedVersion: 6
  m_Component:
  - component: {fileID: 3873579294884634754}
  m_Layer: 0
  m_Name: B-f_index_01.L
  m_TagString: Untagged
  m_Icon: {fileID: 0}
  m_NavMeshLayer: 0
  m_StaticEditorFlags: 0
  m_IsActive: 1
--- !u!4 &3873579294884634754
Transform:
  m_ObjectHideFlags: 0
  m_CorrespondingSourceObject: {fileID: 0}
  m_PrefabInstance: {fileID: 0}
  m_PrefabAsset: {fileID: 0}
  m_GameObject: {fileID: 4712731478497954330}
  m_LocalRotation: {x: 0.042966038, y: 0.13054514, z: 0.029150097, w: 0.9900819}
  m_LocalPosition: {x: -0.081824, y: 0, z: 0}
  m_LocalScale: {x: 1, y: 1, z: 1}
  m_Children:
  - {fileID: 7575034575254448979}
  m_Father: {fileID: 1790242400102595766}
  m_RootOrder: 0
  m_LocalEulerAnglesHint: {x: 0, y: 0, z: 0}
--- !u!1 &4728766934542286654
GameObject:
  m_ObjectHideFlags: 0
  m_CorrespondingSourceObject: {fileID: 0}
  m_PrefabInstance: {fileID: 0}
  m_PrefabAsset: {fileID: 0}
  serializedVersion: 6
  m_Component:
  - component: {fileID: 1160241700391594713}
  - component: {fileID: 3081962439445482099}
  m_Layer: 0
  m_Name: Skeleton
  m_TagString: Untagged
  m_Icon: {fileID: 0}
  m_NavMeshLayer: 0
  m_StaticEditorFlags: 0
  m_IsActive: 1
--- !u!4 &1160241700391594713
Transform:
  m_ObjectHideFlags: 0
  m_CorrespondingSourceObject: {fileID: 0}
  m_PrefabInstance: {fileID: 0}
  m_PrefabAsset: {fileID: 0}
  m_GameObject: {fileID: 4728766934542286654}
  m_LocalRotation: {x: 0, y: -0, z: -0, w: 1}
  m_LocalPosition: {x: 20.71, y: 0, z: 0}
  m_LocalScale: {x: 1, y: 1, z: 1}
  m_Children: []
  m_Father: {fileID: 4656636974352558010}
  m_RootOrder: 0
  m_LocalEulerAnglesHint: {x: 0, y: 0, z: 0}
--- !u!137 &3081962439445482099
SkinnedMeshRenderer:
  m_ObjectHideFlags: 0
  m_CorrespondingSourceObject: {fileID: 0}
  m_PrefabInstance: {fileID: 0}
  m_PrefabAsset: {fileID: 0}
  m_GameObject: {fileID: 4728766934542286654}
  m_Enabled: 1
  m_CastShadows: 1
  m_ReceiveShadows: 1
  m_DynamicOccludee: 1
  m_MotionVectors: 1
  m_LightProbeUsage: 1
  m_ReflectionProbeUsage: 1
  m_RayTracingMode: 3
  m_RenderingLayerMask: 1
  m_RendererPriority: 0
  m_Materials:
  - {fileID: 2100000, guid: 92fc3cab0a1f1dd42bdd46a803eba9d3, type: 2}
  m_StaticBatchInfo:
    firstSubMesh: 0
    subMeshCount: 0
  m_StaticBatchRoot: {fileID: 0}
  m_ProbeAnchor: {fileID: 0}
  m_LightProbeVolumeOverride: {fileID: 0}
  m_ScaleInLightmap: 1
  m_ReceiveGI: 1
  m_PreserveUVs: 0
  m_IgnoreNormalsForChartDetection: 0
  m_ImportantGI: 0
  m_StitchLightmapSeams: 1
  m_SelectedEditorRenderState: 3
  m_MinimumChartSize: 4
  m_AutoUVMaxDistance: 0.5
  m_AutoUVMaxAngle: 89
  m_LightmapParameters: {fileID: 0}
  m_SortingLayerID: 0
  m_SortingLayer: 0
  m_SortingOrder: 0
  serializedVersion: 2
  m_Quality: 0
  m_UpdateWhenOffscreen: 0
  m_SkinnedMotionVectors: 1
  m_Mesh: {fileID: -5273605855520333666, guid: 8ed68a3a383765a4bb2001de21d699c1, type: 3}
  m_Bones:
  - {fileID: 6174691494957873108}
  - {fileID: 8229011737458126545}
  - {fileID: 2672919617331711923}
  - {fileID: 6560930188892163290}
  - {fileID: 8289154614341272054}
  - {fileID: 695495298505496638}
  - {fileID: 3227584879199875123}
  - {fileID: 2105162988052894785}
  - {fileID: 8606282225290409952}
  - {fileID: 5223626280757972190}
  - {fileID: 3873579294884634754}
  - {fileID: 7575034575254448979}
  - {fileID: 7185200778303954815}
  - {fileID: 8209787017658911606}
  - {fileID: 4019379988493824377}
  - {fileID: 5814590160582881390}
  - {fileID: 1324512927531293065}
  - {fileID: 393557677891706296}
  - {fileID: 5345656336082658305}
  - {fileID: 2949126437776608124}
  - {fileID: 1004523321960702351}
  - {fileID: 746880916572560592}
  - {fileID: 3956348233433163325}
  - {fileID: 8021162620383617899}
  - {fileID: 5821210083652767444}
  - {fileID: 1111408639224671759}
  - {fileID: 1406464763179537445}
  - {fileID: 5736993419179846754}
  - {fileID: 3706164469299188503}
  - {fileID: 6105697198630703091}
  - {fileID: 4064866034949449201}
  - {fileID: 6586528852344240907}
  - {fileID: 6436104712225588540}
  - {fileID: 6520661183030859945}
  - {fileID: 7986126350006564841}
  - {fileID: 6019781958908892365}
  - {fileID: 8426622498326711943}
  - {fileID: 2729279741158368038}
  - {fileID: 7831967216259215357}
  - {fileID: 781858989248333439}
  - {fileID: 3957858903272458139}
  - {fileID: 4353348028212102588}
  - {fileID: 7748728871941419849}
  - {fileID: 1310922037655756745}
  - {fileID: 1005658434304437761}
  - {fileID: 3421440357125162773}
  - {fileID: 6943470857745373545}
  - {fileID: 600893051172141677}
  - {fileID: 7273823939097009494}
  - {fileID: 2162397265133738381}
  - {fileID: 1642618721129886228}
  - {fileID: 1700602580971720657}
  m_BlendShapeWeights: []
  m_RootBone: {fileID: 6174691494957873108}
  m_AABB:
    m_Center: {x: 0.11748749, y: -0.00000047683716, z: 0.06237109}
    m_Extent: {x: 1.0491571, y: 1.0712135, z: 0.21192269}
  m_DirtyAABB: 0
--- !u!1 &4880069758685849553
GameObject:
  m_ObjectHideFlags: 0
  m_CorrespondingSourceObject: {fileID: 0}
  m_PrefabInstance: {fileID: 0}
  m_PrefabAsset: {fileID: 0}
  serializedVersion: 6
  m_Component:
  - component: {fileID: 1790242400102595766}
  m_Layer: 0
  m_Name: B-palm_01.L
  m_TagString: Untagged
  m_Icon: {fileID: 0}
  m_NavMeshLayer: 0
  m_StaticEditorFlags: 0
  m_IsActive: 1
--- !u!4 &1790242400102595766
Transform:
  m_ObjectHideFlags: 0
  m_CorrespondingSourceObject: {fileID: 0}
  m_PrefabInstance: {fileID: 0}
  m_PrefabAsset: {fileID: 0}
  m_GameObject: {fileID: 4880069758685849553}
  m_LocalRotation: {x: -0.046093307, y: -0.0012885556, z: -0.04484089, w: 0.9979294}
  m_LocalPosition: {x: -0.102531, y: 0.040784, z: -0.0027869998}
  m_LocalScale: {x: 1, y: 1, z: 1}
  m_Children:
  - {fileID: 3873579294884634754}
  - {fileID: 8209787017658911606}
  m_Father: {fileID: 5223626280757972190}
  m_RootOrder: 0
  m_LocalEulerAnglesHint: {x: 0, y: 0, z: 0}
--- !u!1 &4983435115481932957
GameObject:
  m_ObjectHideFlags: 0
  m_CorrespondingSourceObject: {fileID: 0}
  m_PrefabInstance: {fileID: 0}
  m_PrefabAsset: {fileID: 0}
  serializedVersion: 6
  m_Component:
  - component: {fileID: 5115850160056276806}
  m_Layer: 0
  m_Name: B-palm_02.R
  m_TagString: Untagged
  m_Icon: {fileID: 0}
  m_NavMeshLayer: 0
  m_StaticEditorFlags: 0
  m_IsActive: 1
--- !u!4 &5115850160056276806
Transform:
  m_ObjectHideFlags: 0
  m_CorrespondingSourceObject: {fileID: 0}
  m_PrefabInstance: {fileID: 0}
  m_PrefabAsset: {fileID: 0}
  m_GameObject: {fileID: 4983435115481932957}
  m_LocalRotation: {x: 0.030525867, y: -0.0068833767, z: 0.04247561, w: 0.99860734}
  m_LocalPosition: {x: -0.102158, y: -0.00549, z: -0.0032809998}
  m_LocalScale: {x: 1, y: 1, z: 1}
  m_Children:
  - {fileID: 6019781958908892365}
  m_Father: {fileID: 3706164469299188503}
  m_RootOrder: 1
  m_LocalEulerAnglesHint: {x: 0, y: 0, z: 0}
--- !u!1 &5132446258498117796
GameObject:
  m_ObjectHideFlags: 0
  m_CorrespondingSourceObject: {fileID: 0}
  m_PrefabInstance: {fileID: 0}
  m_PrefabAsset: {fileID: 0}
  serializedVersion: 6
  m_Component:
  - component: {fileID: 600893051172141677}
  m_Layer: 0
  m_Name: B-toe.L
  m_TagString: Untagged
  m_Icon: {fileID: 0}
  m_NavMeshLayer: 0
  m_StaticEditorFlags: 0
  m_IsActive: 1
--- !u!4 &600893051172141677
Transform:
  m_ObjectHideFlags: 0
  m_CorrespondingSourceObject: {fileID: 0}
  m_PrefabInstance: {fileID: 0}
  m_PrefabAsset: {fileID: 0}
  m_GameObject: {fileID: 5132446258498117796}
  m_LocalRotation: {x: 0.940551, y: -0.0006113166, z: 0.33949566, w: -0.01030304}
  m_LocalPosition: {x: -0.17386998, y: 0, z: 0}
  m_LocalScale: {x: 1, y: 1, z: 1}
  m_Children: []
  m_Father: {fileID: 6943470857745373545}
  m_RootOrder: 0
  m_LocalEulerAnglesHint: {x: 0, y: 0, z: 0}
--- !u!1 &5457894555060553895
GameObject:
  m_ObjectHideFlags: 0
  m_CorrespondingSourceObject: {fileID: 0}
  m_PrefabInstance: {fileID: 0}
  m_PrefabAsset: {fileID: 0}
  serializedVersion: 6
  m_Component:
  - component: {fileID: 6586528852344240907}
  m_Layer: 0
  m_Name: B-f_index_03.R
  m_TagString: Untagged
  m_Icon: {fileID: 0}
  m_NavMeshLayer: 0
  m_StaticEditorFlags: 0
  m_IsActive: 1
--- !u!4 &6586528852344240907
Transform:
  m_ObjectHideFlags: 0
  m_CorrespondingSourceObject: {fileID: 0}
  m_PrefabInstance: {fileID: 0}
  m_PrefabAsset: {fileID: 0}
  m_GameObject: {fileID: 5457894555060553895}
  m_LocalRotation: {x: 0.013391213, y: 0.0010560318, z: 0.00026164346, w: 0.99990976}
  m_LocalPosition: {x: -0.040629, y: 0, z: 0}
  m_LocalScale: {x: 1, y: 1, z: 1}
  m_Children: []
  m_Father: {fileID: 4064866034949449201}
  m_RootOrder: 0
  m_LocalEulerAnglesHint: {x: 0, y: 0, z: 0}
--- !u!1 &5695536466756456963
GameObject:
  m_ObjectHideFlags: 0
  m_CorrespondingSourceObject: {fileID: 0}
  m_PrefabInstance: {fileID: 0}
  m_PrefabAsset: {fileID: 0}
  serializedVersion: 6
  m_Component:
  - component: {fileID: 5547159581984345478}
  m_Layer: 0
  m_Name: B-palm_02.L
  m_TagString: Untagged
  m_Icon: {fileID: 0}
  m_NavMeshLayer: 0
  m_StaticEditorFlags: 0
  m_IsActive: 1
--- !u!4 &5547159581984345478
Transform:
  m_ObjectHideFlags: 0
  m_CorrespondingSourceObject: {fileID: 0}
  m_PrefabInstance: {fileID: 0}
  m_PrefabAsset: {fileID: 0}
  m_GameObject: {fileID: 5695536466756456963}
  m_LocalRotation: {x: -0.030525867, y: -0.0068833767, z: -0.04247561, w: 0.99860734}
  m_LocalPosition: {x: -0.102158, y: 0.00549, z: -0.0032809998}
  m_LocalScale: {x: 1, y: 1, z: 1}
  m_Children:
  - {fileID: 1324512927531293065}
  m_Father: {fileID: 5223626280757972190}
  m_RootOrder: 1
  m_LocalEulerAnglesHint: {x: 0, y: 0, z: 0}
--- !u!1 &5809227331116557833
GameObject:
  m_ObjectHideFlags: 0
  m_CorrespondingSourceObject: {fileID: 0}
  m_PrefabInstance: {fileID: 0}
  m_PrefabAsset: {fileID: 0}
  serializedVersion: 6
  m_Component:
  - component: {fileID: 7185200778303954815}
  m_Layer: 0
  m_Name: B-f_index_03.L
  m_TagString: Untagged
  m_Icon: {fileID: 0}
  m_NavMeshLayer: 0
  m_StaticEditorFlags: 0
  m_IsActive: 1
--- !u!4 &7185200778303954815
Transform:
  m_ObjectHideFlags: 0
  m_CorrespondingSourceObject: {fileID: 0}
  m_PrefabInstance: {fileID: 0}
  m_PrefabAsset: {fileID: 0}
  m_GameObject: {fileID: 5809227331116557833}
  m_LocalRotation: {x: -0.013391213, y: 0.0010560318, z: -0.00026164346, w: 0.99990976}
  m_LocalPosition: {x: -0.040629, y: 0, z: 0}
  m_LocalScale: {x: 1, y: 1, z: 1}
  m_Children: []
  m_Father: {fileID: 7575034575254448979}
  m_RootOrder: 0
  m_LocalEulerAnglesHint: {x: 0, y: 0, z: 0}
--- !u!1 &5910129334909089398
GameObject:
  m_ObjectHideFlags: 0
  m_CorrespondingSourceObject: {fileID: 0}
  m_PrefabInstance: {fileID: 0}
  m_PrefabAsset: {fileID: 0}
  serializedVersion: 6
  m_Component:
  - component: {fileID: 1004523321960702351}
  m_Layer: 0
  m_Name: B-f_ring_02.L
  m_TagString: Untagged
  m_Icon: {fileID: 0}
  m_NavMeshLayer: 0
  m_StaticEditorFlags: 0
  m_IsActive: 1
--- !u!4 &1004523321960702351
Transform:
  m_ObjectHideFlags: 0
  m_CorrespondingSourceObject: {fileID: 0}
  m_PrefabInstance: {fileID: 0}
  m_PrefabAsset: {fileID: 0}
  m_GameObject: {fileID: 5910129334909089398}
  m_LocalRotation: {x: -0.016417721, y: -0.084423155, z: 0.0011921921, w: 0.996294}
  m_LocalPosition: {x: -0.038969, y: 0, z: 0}
  m_LocalScale: {x: 1, y: 1, z: 1}
  m_Children:
  - {fileID: 746880916572560592}
  m_Father: {fileID: 2949126437776608124}
  m_RootOrder: 0
  m_LocalEulerAnglesHint: {x: 0, y: 0, z: 0}
--- !u!1 &6068408245603374932
GameObject:
  m_ObjectHideFlags: 0
  m_CorrespondingSourceObject: {fileID: 0}
  m_PrefabInstance: {fileID: 0}
  m_PrefabAsset: {fileID: 0}
  serializedVersion: 6
  m_Component:
  - component: {fileID: 8426622498326711943}
  m_Layer: 0
  m_Name: B-f_middle_02.R
  m_TagString: Untagged
  m_Icon: {fileID: 0}
  m_NavMeshLayer: 0
  m_StaticEditorFlags: 0
  m_IsActive: 1
--- !u!4 &8426622498326711943
Transform:
  m_ObjectHideFlags: 0
  m_CorrespondingSourceObject: {fileID: 0}
  m_PrefabInstance: {fileID: 0}
  m_PrefabAsset: {fileID: 0}
  m_GameObject: {fileID: 6068408245603374932}
  m_LocalRotation: {x: 0.013404224, y: -0.094342425, z: 0.0020918061, w: 0.9954474}
  m_LocalPosition: {x: -0.037125, y: 0, z: 0}
  m_LocalScale: {x: 1, y: 1, z: 1}
  m_Children:
  - {fileID: 2729279741158368038}
  m_Father: {fileID: 6019781958908892365}
  m_RootOrder: 0
  m_LocalEulerAnglesHint: {x: 0, y: 0, z: 0}
--- !u!1 &6079344401850200694
GameObject:
  m_ObjectHideFlags: 0
  m_CorrespondingSourceObject: {fileID: 0}
  m_PrefabInstance: {fileID: 0}
  m_PrefabAsset: {fileID: 0}
  serializedVersion: 6
  m_Component:
  - component: {fileID: 3957858903272458139}
  m_Layer: 0
  m_Name: B-f_ring_03.R
  m_TagString: Untagged
  m_Icon: {fileID: 0}
  m_NavMeshLayer: 0
  m_StaticEditorFlags: 0
  m_IsActive: 1
--- !u!4 &3957858903272458139
Transform:
  m_ObjectHideFlags: 0
  m_CorrespondingSourceObject: {fileID: 0}
  m_PrefabInstance: {fileID: 0}
  m_PrefabAsset: {fileID: 0}
  m_GameObject: {fileID: 6079344401850200694}
  m_LocalRotation: {x: -0.011127848, y: -0.0008177748, z: 0.00016020662, w: 0.9999378}
  m_LocalPosition: {x: -0.038450997, y: 0, z: 0}
  m_LocalScale: {x: 1, y: 1, z: 1}
  m_Children: []
  m_Father: {fileID: 781858989248333439}
  m_RootOrder: 0
  m_LocalEulerAnglesHint: {x: 0, y: 0, z: 0}
--- !u!1 &7114667113455880878
GameObject:
  m_ObjectHideFlags: 0
  m_CorrespondingSourceObject: {fileID: 0}
  m_PrefabInstance: {fileID: 0}
  m_PrefabAsset: {fileID: 0}
  serializedVersion: 6
  m_Component:
  - component: {fileID: 5223626280757972190}
  m_Layer: 0
  m_Name: B-hand.L
  m_TagString: Untagged
  m_Icon: {fileID: 0}
  m_NavMeshLayer: 0
  m_StaticEditorFlags: 0
  m_IsActive: 1
--- !u!4 &5223626280757972190
Transform:
  m_ObjectHideFlags: 0
  m_CorrespondingSourceObject: {fileID: 0}
  m_PrefabInstance: {fileID: 0}
  m_PrefabAsset: {fileID: 0}
  m_GameObject: {fileID: 7114667113455880878}
  m_LocalRotation: {x: 0.70791644, y: 0.0125909485, z: 0.030061476, w: 0.7055438}
  m_LocalPosition: {x: -0.255349, y: 0, z: 0}
  m_LocalScale: {x: 1, y: 1, z: 1}
  m_Children:
  - {fileID: 1790242400102595766}
  - {fileID: 5547159581984345478}
  - {fileID: 4548236572612113258}
  - {fileID: 6398737952495531004}
  - {fileID: 175863591383092353}
  m_Father: {fileID: 8606282225290409952}
  m_RootOrder: 0
  m_LocalEulerAnglesHint: {x: 0, y: 0, z: 0}
--- !u!1 &7194456828195663283
GameObject:
  m_ObjectHideFlags: 0
  m_CorrespondingSourceObject: {fileID: 0}
  m_PrefabInstance: {fileID: 0}
  m_PrefabAsset: {fileID: 0}
  serializedVersion: 6
  m_Component:
  - component: {fileID: 1005658434304437761}
  m_Layer: 0
  m_Name: B-thigh.L
  m_TagString: Untagged
  m_Icon: {fileID: 0}
  m_NavMeshLayer: 0
  m_StaticEditorFlags: 0
  m_IsActive: 1
--- !u!4 &1005658434304437761
Transform:
  m_ObjectHideFlags: 0
  m_CorrespondingSourceObject: {fileID: 0}
  m_PrefabInstance: {fileID: 0}
  m_PrefabAsset: {fileID: 0}
  m_GameObject: {fileID: 7194456828195663283}
  m_LocalRotation: {x: 0.025986617, y: 0.99790233, z: -0.026008874, w: 0.05328374}
  m_LocalPosition: {x: -0, y: -0.153061, z: 0}
  m_LocalScale: {x: 1, y: 1, z: 1}
  m_Children:
  - {fileID: 3421440357125162773}
  m_Father: {fileID: 6174691494957873108}
  m_RootOrder: 1
  m_LocalEulerAnglesHint: {x: 0, y: 0, z: 0}
--- !u!1 &7265077491806701207
GameObject:
  m_ObjectHideFlags: 0
  m_CorrespondingSourceObject: {fileID: 0}
  m_PrefabInstance: {fileID: 0}
  m_PrefabAsset: {fileID: 0}
  serializedVersion: 6
  m_Component:
  - component: {fileID: 234855162202510896}
  m_Layer: 0
  m_Name: B-palm_03.R
  m_TagString: Untagged
  m_Icon: {fileID: 0}
  m_NavMeshLayer: 0
  m_StaticEditorFlags: 0
  m_IsActive: 1
--- !u!4 &234855162202510896
Transform:
  m_ObjectHideFlags: 0
  m_CorrespondingSourceObject: {fileID: 0}
  m_PrefabInstance: {fileID: 0}
  m_PrefabAsset: {fileID: 0}
  m_GameObject: {fileID: 7265077491806701207}
  m_LocalRotation: {x: 0.07611391, y: 0.03253316, z: -0.013177571, w: 0.9964811}
  m_LocalPosition: {x: -0.100857, y: 0.020715, z: -0.002559}
  m_LocalScale: {x: 1, y: 1, z: 1}
  m_Children:
  - {fileID: 7831967216259215357}
  m_Father: {fileID: 3706164469299188503}
  m_RootOrder: 2
  m_LocalEulerAnglesHint: {x: 0, y: 0, z: 0}
--- !u!1 &7696967770924614948
GameObject:
  m_ObjectHideFlags: 0
  m_CorrespondingSourceObject: {fileID: 0}
  m_PrefabInstance: {fileID: 0}
  m_PrefabAsset: {fileID: 0}
  serializedVersion: 6
  m_Component:
  - component: {fileID: 6943470857745373545}
  m_Layer: 0
  m_Name: B-foot.L
  m_TagString: Untagged
  m_Icon: {fileID: 0}
  m_NavMeshLayer: 0
  m_StaticEditorFlags: 0
  m_IsActive: 1
--- !u!4 &6943470857745373545
Transform:
  m_ObjectHideFlags: 0
  m_CorrespondingSourceObject: {fileID: 0}
  m_PrefabInstance: {fileID: 0}
  m_PrefabAsset: {fileID: 0}
  m_GameObject: {fileID: 7696967770924614948}
  m_LocalRotation: {x: -0.029670518, y: -0.50401926, z: -0.01566997, w: 0.86304045}
  m_LocalPosition: {x: -0.38628897, y: -0.0010149999, z: 0.000031}
  m_LocalScale: {x: 1, y: 1, z: 1}
  m_Children:
  - {fileID: 600893051172141677}
  m_Father: {fileID: 3421440357125162773}
  m_RootOrder: 0
  m_LocalEulerAnglesHint: {x: 0, y: 0, z: 0}
--- !u!1 &7798442043622160645
GameObject:
  m_ObjectHideFlags: 0
  m_CorrespondingSourceObject: {fileID: 0}
  m_PrefabInstance: {fileID: 0}
  m_PrefabAsset: {fileID: 0}
  serializedVersion: 6
  m_Component:
  - component: {fileID: 3956348233433163325}
  m_Layer: 0
  m_Name: B-f_pinky_01.L
  m_TagString: Untagged
  m_Icon: {fileID: 0}
  m_NavMeshLayer: 0
  m_StaticEditorFlags: 0
  m_IsActive: 1
--- !u!4 &3956348233433163325
Transform:
  m_ObjectHideFlags: 0
  m_CorrespondingSourceObject: {fileID: 0}
  m_PrefabInstance: {fileID: 0}
  m_PrefabAsset: {fileID: 0}
  m_GameObject: {fileID: 7798442043622160645}
  m_LocalRotation: {x: -0.022065882, y: 0.18361983, z: -0.016697342, w: 0.9826078}
  m_LocalPosition: {x: -0.072687, y: 0, z: 0}
  m_LocalScale: {x: 1, y: 1, z: 1}
  m_Children:
  - {fileID: 8021162620383617899}
  m_Father: {fileID: 6398737952495531004}
  m_RootOrder: 0
  m_LocalEulerAnglesHint: {x: 0, y: 0, z: 0}
--- !u!1 &7863412211675250849
GameObject:
  m_ObjectHideFlags: 0
  m_CorrespondingSourceObject: {fileID: 0}
  m_PrefabInstance: {fileID: 0}
  m_PrefabAsset: {fileID: 0}
  serializedVersion: 6
  m_Component:
  - component: {fileID: 6520661183030859945}
  m_Layer: 0
  m_Name: B-thumb_02.R
  m_TagString: Untagged
  m_Icon: {fileID: 0}
  m_NavMeshLayer: 0
  m_StaticEditorFlags: 0
  m_IsActive: 1
--- !u!4 &6520661183030859945
Transform:
  m_ObjectHideFlags: 0
  m_CorrespondingSourceObject: {fileID: 0}
  m_PrefabInstance: {fileID: 0}
  m_PrefabAsset: {fileID: 0}
  m_GameObject: {fileID: 7863412211675250849}
  m_LocalRotation: {x: -0.10602388, y: 0.1080946, z: -0.13745251, w: 0.97886735}
  m_LocalPosition: {x: -0.06024, y: 0, z: 0}
  m_LocalScale: {x: 1, y: 1, z: 1}
  m_Children:
  - {fileID: 7986126350006564841}
  m_Father: {fileID: 6436104712225588540}
  m_RootOrder: 0
  m_LocalEulerAnglesHint: {x: 0, y: 0, z: 0}
--- !u!1 &7874505473307404572
GameObject:
  m_ObjectHideFlags: 0
  m_CorrespondingSourceObject: {fileID: 0}
  m_PrefabInstance: {fileID: 0}
  m_PrefabAsset: {fileID: 0}
  serializedVersion: 6
  m_Component:
  - component: {fileID: 4019379988493824377}
  m_Layer: 0
  m_Name: B-thumb_02.L
  m_TagString: Untagged
  m_Icon: {fileID: 0}
  m_NavMeshLayer: 0
  m_StaticEditorFlags: 0
  m_IsActive: 1
--- !u!4 &4019379988493824377
Transform:
  m_ObjectHideFlags: 0
  m_CorrespondingSourceObject: {fileID: 0}
  m_PrefabInstance: {fileID: 0}
  m_PrefabAsset: {fileID: 0}
  m_GameObject: {fileID: 7874505473307404572}
  m_LocalRotation: {x: 0.10602388, y: 0.1080946, z: 0.13745251, w: 0.97886735}
  m_LocalPosition: {x: -0.06024, y: 0, z: 0}
  m_LocalScale: {x: 1, y: 1, z: 1}
  m_Children:
  - {fileID: 5814590160582881390}
  m_Father: {fileID: 8209787017658911606}
  m_RootOrder: 0
  m_LocalEulerAnglesHint: {x: 0, y: 0, z: 0}
--- !u!1 &8106018395827824911
GameObject:
  m_ObjectHideFlags: 0
  m_CorrespondingSourceObject: {fileID: 0}
  m_PrefabInstance: {fileID: 0}
  m_PrefabAsset: {fileID: 0}
  serializedVersion: 6
  m_Component:
  - component: {fileID: 7748728871941419849}
  m_Layer: 0
  m_Name: B-f_pinky_02.R
  m_TagString: Untagged
  m_Icon: {fileID: 0}
  m_NavMeshLayer: 0
  m_StaticEditorFlags: 0
  m_IsActive: 1
--- !u!4 &7748728871941419849
Transform:
  m_ObjectHideFlags: 0
  m_CorrespondingSourceObject: {fileID: 0}
  m_PrefabInstance: {fileID: 0}
  m_PrefabAsset: {fileID: 0}
  m_GameObject: {fileID: 8106018395827824911}
  m_LocalRotation: {x: 0.009864263, y: -0.040002953, z: 0.025971798, w: 0.9988133}
  m_LocalPosition: {x: -0.041692, y: 0, z: 0}
  m_LocalScale: {x: 1, y: 1, z: 1}
  m_Children:
  - {fileID: 1310922037655756745}
  m_Father: {fileID: 4353348028212102588}
  m_RootOrder: 0
  m_LocalEulerAnglesHint: {x: 0, y: 0, z: 0}
--- !u!1 &8117384103328713672
GameObject:
  m_ObjectHideFlags: 0
  m_CorrespondingSourceObject: {fileID: 0}
  m_PrefabInstance: {fileID: 0}
  m_PrefabAsset: {fileID: 0}
  serializedVersion: 6
  m_Component:
  - component: {fileID: 2729279741158368038}
  m_Layer: 0
  m_Name: B-f_middle_03.R
  m_TagString: Untagged
  m_Icon: {fileID: 0}
  m_NavMeshLayer: 0
  m_StaticEditorFlags: 0
  m_IsActive: 1
--- !u!4 &2729279741158368038
Transform:
  m_ObjectHideFlags: 0
  m_CorrespondingSourceObject: {fileID: 0}
  m_PrefabInstance: {fileID: 0}
  m_PrefabAsset: {fileID: 0}
  m_GameObject: {fileID: 8117384103328713672}
  m_LocalRotation: {x: -0.008808772, y: -0.0056415815, z: 0.0003525967, w: 0.9999452}
  m_LocalPosition: {x: -0.042021, y: 0, z: 0}
  m_LocalScale: {x: 1, y: 1, z: 1}
  m_Children: []
  m_Father: {fileID: 8426622498326711943}
  m_RootOrder: 0
  m_LocalEulerAnglesHint: {x: 0, y: 0, z: 0}
--- !u!1 &8136876282425831827
GameObject:
  m_ObjectHideFlags: 0
  m_CorrespondingSourceObject: {fileID: 0}
  m_PrefabInstance: {fileID: 0}
  m_PrefabAsset: {fileID: 0}
  serializedVersion: 6
  m_Component:
  - component: {fileID: 2672919617331711923}
  m_Layer: 0
  m_Name: B-chest
  m_TagString: Untagged
  m_Icon: {fileID: 0}
  m_NavMeshLayer: 0
  m_StaticEditorFlags: 0
  m_IsActive: 1
--- !u!4 &2672919617331711923
Transform:
  m_ObjectHideFlags: 0
  m_CorrespondingSourceObject: {fileID: 0}
  m_PrefabInstance: {fileID: 0}
  m_PrefabAsset: {fileID: 0}
  m_GameObject: {fileID: 8136876282425831827}
  m_LocalRotation: {x: 0, y: -0, z: -0, w: 1}
  m_LocalPosition: {x: -0.1581, y: 0, z: 0}
  m_LocalScale: {x: 1, y: 1, z: 1}
  m_Children:
  - {fileID: 6560930188892163290}
  - {fileID: 3227584879199875123}
  - {fileID: 1111408639224671759}
  m_Father: {fileID: 8229011737458126545}
  m_RootOrder: 0
  m_LocalEulerAnglesHint: {x: 0, y: 0, z: 0}
--- !u!1 &8241386047318537550
GameObject:
  m_ObjectHideFlags: 0
  m_CorrespondingSourceObject: {fileID: 0}
  m_PrefabInstance: {fileID: 0}
  m_PrefabAsset: {fileID: 0}
  serializedVersion: 6
  m_Component:
  - component: {fileID: 6398737952495531004}
  m_Layer: 0
  m_Name: B-palm_04.L
  m_TagString: Untagged
  m_Icon: {fileID: 0}
  m_NavMeshLayer: 0
  m_StaticEditorFlags: 0
  m_IsActive: 1
--- !u!4 &6398737952495531004
Transform:
  m_ObjectHideFlags: 0
  m_CorrespondingSourceObject: {fileID: 0}
  m_PrefabInstance: {fileID: 0}
  m_PrefabAsset: {fileID: 0}
  m_GameObject: {fileID: 8241386047318537550}
  m_LocalRotation: {x: -0.049944714, y: 0.06262834, z: 0.07398395, w: 0.99403703}
  m_LocalPosition: {x: -0.095152, y: -0.043863, z: -0.000203}
  m_LocalScale: {x: 1, y: 1, z: 1}
  m_Children:
  - {fileID: 3956348233433163325}
  m_Father: {fileID: 5223626280757972190}
  m_RootOrder: 3
  m_LocalEulerAnglesHint: {x: 0, y: 0, z: 0}
--- !u!1 &8331397852484784039
GameObject:
  m_ObjectHideFlags: 0
  m_CorrespondingSourceObject: {fileID: 0}
  m_PrefabInstance: {fileID: 0}
  m_PrefabAsset: {fileID: 0}
  serializedVersion: 6
  m_Component:
  - component: {fileID: 1111408639224671759}
  m_Layer: 0
  m_Name: B-shoulder.R
  m_TagString: Untagged
  m_Icon: {fileID: 0}
  m_NavMeshLayer: 0
  m_StaticEditorFlags: 0
  m_IsActive: 1
--- !u!4 &1111408639224671759
Transform:
  m_ObjectHideFlags: 0
  m_CorrespondingSourceObject: {fileID: 0}
  m_PrefabInstance: {fileID: 0}
  m_PrefabAsset: {fileID: 0}
  m_GameObject: {fileID: 8331397852484784039}
  m_LocalRotation: {x: -0.4998996, y: 0.50023127, z: 0.5001003, w: -0.49976873}
  m_LocalPosition: {x: -0.2633, y: 0.0183, z: 0}
  m_LocalScale: {x: 1, y: 1, z: 1}
  m_Children:
  - {fileID: 1406464763179537445}
  m_Father: {fileID: 2672919617331711923}
  m_RootOrder: 2
  m_LocalEulerAnglesHint: {x: 0, y: 0, z: 0}
--- !u!1 &8518728905387823711
GameObject:
  m_ObjectHideFlags: 0
  m_CorrespondingSourceObject: {fileID: 0}
  m_PrefabInstance: {fileID: 0}
  m_PrefabAsset: {fileID: 0}
  serializedVersion: 6
  m_Component:
  - component: {fileID: 7986126350006564841}
  m_Layer: 0
  m_Name: B-thumb_03.R
  m_TagString: Untagged
  m_Icon: {fileID: 0}
  m_NavMeshLayer: 0
  m_StaticEditorFlags: 0
  m_IsActive: 1
--- !u!4 &7986126350006564841
Transform:
  m_ObjectHideFlags: 0
  m_CorrespondingSourceObject: {fileID: 0}
  m_PrefabInstance: {fileID: 0}
  m_PrefabAsset: {fileID: 0}
  m_GameObject: {fileID: 8518728905387823711}
  m_LocalRotation: {x: 0.06894547, y: -0.024259614, z: -0.10824321, w: 0.99143404}
  m_LocalPosition: {x: -0.048265, y: 0, z: 0}
  m_LocalScale: {x: 1, y: 1, z: 1}
  m_Children: []
  m_Father: {fileID: 6520661183030859945}
  m_RootOrder: 0
  m_LocalEulerAnglesHint: {x: 0, y: 0, z: 0}
--- !u!1 &8662679012946394699
GameObject:
  m_ObjectHideFlags: 0
  m_CorrespondingSourceObject: {fileID: 0}
  m_PrefabInstance: {fileID: 0}
  m_PrefabAsset: {fileID: 0}
  serializedVersion: 6
  m_Component:
  - component: {fileID: 4353348028212102588}
  m_Layer: 0
  m_Name: B-f_pinky_01.R
  m_TagString: Untagged
  m_Icon: {fileID: 0}
  m_NavMeshLayer: 0
  m_StaticEditorFlags: 0
  m_IsActive: 1
--- !u!4 &4353348028212102588
Transform:
  m_ObjectHideFlags: 0
  m_CorrespondingSourceObject: {fileID: 0}
  m_PrefabInstance: {fileID: 0}
  m_PrefabAsset: {fileID: 0}
  m_GameObject: {fileID: 8662679012946394699}
  m_LocalRotation: {x: 0.022065882, y: 0.18361983, z: 0.016697342, w: 0.9826078}
  m_LocalPosition: {x: -0.072687, y: 0, z: 0}
  m_LocalScale: {x: 1, y: 1, z: 1}
  m_Children:
  - {fileID: 7748728871941419849}
  m_Father: {fileID: 7311755911366846911}
  m_RootOrder: 0
  m_LocalEulerAnglesHint: {x: 0, y: 0, z: 0}
--- !u!1 &8857631841470230290
GameObject:
  m_ObjectHideFlags: 0
  m_CorrespondingSourceObject: {fileID: 0}
  m_PrefabInstance: {fileID: 0}
  m_PrefabAsset: {fileID: 0}
  serializedVersion: 6
  m_Component:
  - component: {fileID: 8229011737458126545}
  m_Layer: 0
  m_Name: B-spine
  m_TagString: Untagged
  m_Icon: {fileID: 0}
  m_NavMeshLayer: 0
  m_StaticEditorFlags: 0
  m_IsActive: 1
--- !u!4 &8229011737458126545
Transform:
  m_ObjectHideFlags: 0
  m_CorrespondingSourceObject: {fileID: 0}
  m_PrefabInstance: {fileID: 0}
  m_PrefabAsset: {fileID: 0}
  m_GameObject: {fileID: 8857631841470230290}
  m_LocalRotation: {x: 0, y: -0, z: -0, w: 1}
  m_LocalPosition: {x: -0.19221, y: 0, z: 0}
  m_LocalScale: {x: 1, y: 1, z: 1}
  m_Children:
  - {fileID: 2672919617331711923}
  m_Father: {fileID: 6174691494957873108}
  m_RootOrder: 0
  m_LocalEulerAnglesHint: {x: 0, y: 0, z: 0}
--- !u!1001 &3678914581594633306
PrefabInstance:
  m_ObjectHideFlags: 0
  serializedVersion: 2
  m_Modification:
    m_TransformParent: {fileID: 5223626280757972190}
    m_Modifications:
    - target: {fileID: 3566545587860125915, guid: 7c7da1f49932da64a97904e8cb275f76,
        type: 3}
      propertyPath: m_RootOrder
      value: 4
      objectReference: {fileID: 0}
    - target: {fileID: 3566545587860125915, guid: 7c7da1f49932da64a97904e8cb275f76,
        type: 3}
      propertyPath: m_LocalPosition.x
      value: -0.13300027
      objectReference: {fileID: 0}
    - target: {fileID: 3566545587860125915, guid: 7c7da1f49932da64a97904e8cb275f76,
        type: 3}
      propertyPath: m_LocalPosition.y
      value: -0.007000016
      objectReference: {fileID: 0}
    - target: {fileID: 3566545587860125915, guid: 7c7da1f49932da64a97904e8cb275f76,
        type: 3}
      propertyPath: m_LocalPosition.z
      value: 0.028999377
      objectReference: {fileID: 0}
    - target: {fileID: 3566545587860125915, guid: 7c7da1f49932da64a97904e8cb275f76,
        type: 3}
      propertyPath: m_LocalRotation.w
      value: -0.0017510236
      objectReference: {fileID: 0}
    - target: {fileID: 3566545587860125915, guid: 7c7da1f49932da64a97904e8cb275f76,
        type: 3}
      propertyPath: m_LocalRotation.x
      value: -0.9937933
      objectReference: {fileID: 0}
    - target: {fileID: 3566545587860125915, guid: 7c7da1f49932da64a97904e8cb275f76,
        type: 3}
      propertyPath: m_LocalRotation.y
      value: -0.011331528
      objectReference: {fileID: 0}
    - target: {fileID: 3566545587860125915, guid: 7c7da1f49932da64a97904e8cb275f76,
        type: 3}
      propertyPath: m_LocalRotation.z
      value: 0.11065036
      objectReference: {fileID: 0}
    - target: {fileID: 3566545587860125915, guid: 7c7da1f49932da64a97904e8cb275f76,
        type: 3}
      propertyPath: m_LocalEulerAnglesHint.x
      value: -180.343
      objectReference: {fileID: 0}
    - target: {fileID: 3566545587860125915, guid: 7c7da1f49932da64a97904e8cb275f76,
        type: 3}
      propertyPath: m_LocalEulerAnglesHint.y
      value: 12.703003
      objectReference: {fileID: 0}
    - target: {fileID: 3566545587860125915, guid: 7c7da1f49932da64a97904e8cb275f76,
        type: 3}
      propertyPath: m_LocalEulerAnglesHint.z
      value: -1.2680054
      objectReference: {fileID: 0}
    - target: {fileID: 4194323483264803425, guid: 7c7da1f49932da64a97904e8cb275f76,
        type: 3}
      propertyPath: m_Name
      value: SkeletonShield
      objectReference: {fileID: 0}
    m_RemovedComponents: []
  m_SourcePrefab: {fileID: 100100000, guid: 7c7da1f49932da64a97904e8cb275f76, type: 3}
--- !u!4 &175863591383092353 stripped
Transform:
  m_CorrespondingSourceObject: {fileID: 3566545587860125915, guid: 7c7da1f49932da64a97904e8cb275f76,
    type: 3}
  m_PrefabInstance: {fileID: 3678914581594633306}
  m_PrefabAsset: {fileID: 0}
--- !u!1001 &5081239394447756248
PrefabInstance:
  m_ObjectHideFlags: 0
  serializedVersion: 2
  m_Modification:
    m_TransformParent: {fileID: 3706164469299188503}
    m_Modifications:
    - target: {fileID: 4968872607988292219, guid: 78925be475d86164f92d73a589da7cba,
        type: 3}
      propertyPath: m_RootOrder
      value: 4
      objectReference: {fileID: 0}
    - target: {fileID: 4968872607988292219, guid: 78925be475d86164f92d73a589da7cba,
        type: 3}
      propertyPath: m_LocalPosition.x
      value: -0.13470016
      objectReference: {fileID: 0}
    - target: {fileID: 4968872607988292219, guid: 78925be475d86164f92d73a589da7cba,
        type: 3}
      propertyPath: m_LocalPosition.y
      value: 0
      objectReference: {fileID: 0}
    - target: {fileID: 4968872607988292219, guid: 78925be475d86164f92d73a589da7cba,
        type: 3}
      propertyPath: m_LocalPosition.z
      value: 0.030799415
      objectReference: {fileID: 0}
    - target: {fileID: 4968872607988292219, guid: 78925be475d86164f92d73a589da7cba,
        type: 3}
      propertyPath: m_LocalRotation.w
      value: -0.05406015
      objectReference: {fileID: 0}
    - target: {fileID: 4968872607988292219, guid: 78925be475d86164f92d73a589da7cba,
        type: 3}
      propertyPath: m_LocalRotation.x
      value: -0.0014160604
      objectReference: {fileID: 0}
    - target: {fileID: 4968872607988292219, guid: 78925be475d86164f92d73a589da7cba,
        type: 3}
      propertyPath: m_LocalRotation.y
      value: 0.029151345
      objectReference: {fileID: 0}
    - target: {fileID: 4968872607988292219, guid: 78925be475d86164f92d73a589da7cba,
        type: 3}
      propertyPath: m_LocalRotation.z
      value: -0.9981111
      objectReference: {fileID: 0}
    - target: {fileID: 4968872607988292219, guid: 78925be475d86164f92d73a589da7cba,
        type: 3}
      propertyPath: m_LocalEulerAnglesHint.x
      value: 3.345
      objectReference: {fileID: 0}
    - target: {fileID: 4968872607988292219, guid: 78925be475d86164f92d73a589da7cba,
        type: 3}
      propertyPath: m_LocalEulerAnglesHint.y
      value: -0.019
      objectReference: {fileID: 0}
    - target: {fileID: 4968872607988292219, guid: 78925be475d86164f92d73a589da7cba,
        type: 3}
      propertyPath: m_LocalEulerAnglesHint.z
      value: -186.201
      objectReference: {fileID: 0}
    - target: {fileID: 5746359903908249793, guid: 78925be475d86164f92d73a589da7cba,
        type: 3}
      propertyPath: m_Name
      value: SkeletonSword
      objectReference: {fileID: 0}
    - target: {fileID: 5746359903908249793, guid: 78925be475d86164f92d73a589da7cba,
        type: 3}
      propertyPath: m_TagString
      value: EnemyWP
      objectReference: {fileID: 0}
    m_RemovedComponents: []
  m_SourcePrefab: {fileID: 100100000, guid: 78925be475d86164f92d73a589da7cba, type: 3}
--- !u!4 &175863591856509347 stripped
Transform:
  m_CorrespondingSourceObject: {fileID: 4968872607988292219, guid: 78925be475d86164f92d73a589da7cba,
    type: 3}
  m_PrefabInstance: {fileID: 5081239394447756248}
  m_PrefabAsset: {fileID: 0}
--- !u!1 &665155803354254105 stripped
GameObject:
  m_CorrespondingSourceObject: {fileID: 5746359903908249793, guid: 78925be475d86164f92d73a589da7cba,
    type: 3}
  m_PrefabInstance: {fileID: 5081239394447756248}
  m_PrefabAsset: {fileID: 0}
